%% This BibTeX bibliography file was created using BibDesk.
%% http://bibdesk.sourceforge.net/

%% Created for Shuyun Luo at 2019-10-31 18:36:09 +0800 


%% Saved with string encoding Unicode (UTF-8) 


@comment{jabref-meta: selector_publisher:}
@comment{jabref-meta: selector_author:}
@comment{jabref-meta: selector_journal:}
@comment{jabref-meta: selector_keywords:}

@article{yu2018trust,
  title={Trust chain: Establishing trust in the iot-based applications ecosystem using blockchain},
  author={Yu, Bin and Wright, Jarod and Nepal, Surya and Zhu, Liming and Liu, Joseph and Ranjan, Rajiv},
  journal={IEEE Cloud Computing},
  volume={5},
  number={4},
  pages={12--23},
  year={2018},
  publisher={IEEE, Institute of Electrical and Electronics Engineers}
}

@article{chen2017caching,
  title={Caching in the sky: Proactive deployment of cache-enabled unmanned aerial vehicles for optimized quality-of-experience},
  author={Chen, Mingzhe and Mozaffari, Mohammad and Saad, Walid and Yin, Changchuan and Debbah, M{\'e}rouane and Hong, Choong Seon},
  journal={IEEE Journal on Selected Areas in Communications},
  volume={35},
  number={5},
  pages={1046--1061},
  year={2017},
  publisher={IEEE}
}

@article{guo2019adaptive,
  title={Adaptive Resource Allocation in Future Wireless Networks with Blockchain and Mobile Edge Computing},
  author={Guo, Fengxian and Yu, F Richard and Zhang, Heli and Ji, Hong and Liu, Mengting and Leung, Victor CM},
  journal={IEEE Transactions on Wireless Communications},
  year={2019},
  publisher={IEEE}}
  
  @article{liu2018computation,
  title={Computation offloading and content caching in wireless blockchain networks with mobile edge computing},
  author={Liu, Mengting and Yu, F Richard and Teng, Yinglei and Leung, Victor CM and Song, Mei},
  journal={IEEE Transactions on Vehicular Technology},
  volume={67},
  number={11},
  pages={11008--11021},
  year={2018},
  publisher={IEEE}}


@article{qiu2019online,
  title={Online deep reinforcement learning for computation offloading in blockchain-empowered mobile edge computing},
  author={Qiu, Xiaoyu and Liu, Luobin and Chen, Wuhui and Hong, Zicong and Zheng, Zibin},
  journal={IEEE Transactions on Vehicular Technology},
  volume={68},
  number={8},
  pages={8050--8062},
  year={2019},
  publisher={IEEE}
}
@article{xu2019become,
  title={BeCome: Blockchain-enabled computation offloading for IoT in mobile edge computing},
  author={Xu, Xiaolong and Zhang, Xuyun and Gao, Honghao and Xue, Yuan and Qi, Lianyong and Dou, Wanchun},
  journal={IEEE Transactions on Industrial Informatics},
  year={2019},
  publisher={IEEE}
}
@article{chen2019cooperative,
  title={Cooperative and distributed computation offloading for blockchain-empowered industrial Internet of Things},
  author={Chen, Wuhui and Zhang, Zhen and Hong, Zicong and Chen, Chuan and Wu, Jiajing and Maharjan, Sabita and Zheng, Zibin and Zhang, Yan},
  journal={IEEE Internet of Things Journal},
  volume={6},
  number={5},
  pages={8433--8446},
  year={2019},
  publisher={IEEE}
}
@article{zhang2019joint,
  title={Joint Computation Offloading and Coin Loaning for Blockchain-Empowered Mobile-Edge Computing},
  author={Zhang, Zhen and Hong, Zicong and Chen, Wuhui and Zheng, Zibin and Chen, Xu},
  journal={IEEE Internet of Things Journal},
  volume={6},
  number={6},
  pages={9934--9950},
  year={2019},
  publisher={IEEE}
}
@inproceedings{seng2019d2d,
  title={A D2D-Assisted MEC Computation Offloading in the Blockchain-Based Framework for UDNs},
  author={Seng, Shuming and Li, Xi and Luo, Changqing and Ji, Hong and Zhang, Heli},
  booktitle={ICC 2019-2019 IEEE International Conference on Communications (ICC)},
  pages={1--6},
  year={2019},
  organization={IEEE}
}
@article{wu2020cooperative,
  title={A Cooperative Computing Strategy for Blockchain-secured Fog Computing},
  author={Wu, Di and Ansari, Nirwan},
  journal={IEEE Internet of Things Journal},
  year={2020},
  publisher={IEEE}
}
@inproceedings{jiang2019hierarchical,
  title={Hierarchical Edge-Cloud Computing for Mobile Blockchain Mining Game},
  author={Jiang, Suhan and Li, Xinyi and Wu, Jie},
  booktitle={2019 IEEE 39th International Conference on Distributed Computing Systems (ICDCS)},
  pages={1327--1336},
  year={2019},
  organization={IEEE}
}
@article{novo2018blockchain,
  title={Blockchain meets IoT: An architecture for scalable access management in IoT},
  author={Novo, Oscar},
  journal={IEEE Internet of Things Journal},
  volume={5},
  number={2},
  pages={1184--1195},
  year={2018},
  publisher={IEEE}
}
@article{lei2019securing,
  title={Securing ICN-Based UAV Ad Hoc Networks with Blockchain},
  author={Lei, Kai and Zhang, Qichao and Lou, Junjun and Bai, Bo and Xu, Kuai},
  journal={IEEE Communications Magazine},
  volume={57},
  number={6},
  pages={26--32},
  year={2019},
  publisher={IEEE}
}

@article{jeong2017mobile,
  title={Mobile edge computing via a UAV-mounted cloudlet: Optimization of bit allocation and path planning},
  author={Jeong, Seongah and Simeone, Osvaldo and Kang, Joonhyuk},
  journal={IEEE Transactions on Vehicular Technology},
  volume={67},
  number={3},
  pages={2049--2063},
  year={2017},
  publisher={IEEE}
}
@article{sharma2019neural,
  title={Neural-Blockchain-Based Ultrareliable Caching for Edge-Enabled UAV Networks},
  author={Sharma, Vishal and You, Ilsun and Jayakody, Dushantha Nalin K and Reina, Daniel Gutierrez and Choo, Kim-Kwang Raymond},
  journal={IEEE Transactions on Industrial Informatics},
  volume={15},
  number={10},
  pages={5723--5736},
  year={2019},
  publisher={IEEE}
}
@article{mach2017mobile,
  title={Mobile edge computing: A survey on architecture and computation offloading},
  author={Mach, Pavel and Becvar, Zdenek},
  journal={IEEE Communications Surveys \& Tutorials},
  volume={19},
  number={3},
  pages={1628--1656},
  year={2017},
  publisher={IEEE}
}
@article{wang2020agent,
  title={Agent-enabled task offloading in UAV-aided mobile edge computing},
  author={Wang, Rui and Cao, Yong and Noor, Adeeb and Alamoudi, Thamer A and Nour, Redhwan},
  journal={Computer Communications},
  volume={149},
  pages={324--331},
  year={2020},
  publisher={Elsevier}
}
@inproceedings{zhou2018uav,
  title={UAV-enabled mobile edge computing: Offloading optimization and trajectory design},
  author={Zhou, Fuhui and Wu, Yongpeng and Sun, Haijian and Chu, Zheng},
  booktitle={2018 IEEE International Conference on Communications (ICC)},
  pages={1--6},
  year={2018},
  organization={IEEE}
}
@article{kuang2019partial,
  title={Partial offloading scheduling and power allocation for mobile edge computing systems},
  author={Kuang, Zhufang and Li, Linfeng and Gao, Jie and Zhao, Lian and Liu, Anfeng},
  journal={IEEE Internet of Things Journal},
  volume={6},
  number={4},
  pages={6774--6785},
  year={2019},
  publisher={IEEE}
}
@article{huang2019deep,
  title={Deep reinforcement learning for online computation offloading in wireless powered mobile-edge computing networks},
  author={Huang, Liang and Bi, Suzhi and Zhang, Ying Jun},
  journal={IEEE Transactions on Mobile Computing},
  year={2019},
  publisher={IEEE}
}


@article{zeng2016wireless,
  title={Wireless communications with unmanned aerial vehicles: Opportunities and challenges},
  author={Zeng, Yong and Zhang, Rui and Lim, Teng Joon},
  journal={IEEE Communications Magazine},
  volume={54},
  number={5},
  pages={36--42},
  year={2016},
  publisher={IEEE}
}
@article{hernan2006threat,
  title={Threat modeling-uncover security design flaws using the stride approach},
  author={Hernan, Shawn and Lambert, Scott and Ostwald, Tomasz and Shostack, Adam},
  journal={MSDN Magazine-Louisville},
  pages={68--75},
  year={2006},
  publisher={San Francisco, CA: CMP Media Inc., c2000-}
}